@manual{rv5up,
    author       = "Andrew Waterman and Krste Asanović",
    title        = "The RISC-V Instruction Set Manual Volume I: Unprivileged ISA Document Version 20191213",
    organization = "SiFive Inc.",
    school       = "CS Division, EECS Department, University of California, Berkeley",
    year         = 2019,
}

@manual{rv5p,
    author       = "Andrew Waterman and Krste Asanović and John Hauser",
    title        = "The RISC-V Instruction Set Manual Volume II: Privileged Architecture Document Version 20211203",
    organization = "SiFive Inc.",
    school       = "CS Division, EECS Department, University of California, Berkeley",
    year         = 2021,
}
